@article{bib1,
    author = {Ногин, В.Д.},
	title="Принятие решений - это поиск компромисса",
	journal = "НАУ.",
	year = 2015,
	number = 4,
	volume = 7
}

@article{bib2,
    author = {Солодовников И.В., Рогозин О.В., Пащенко О.Б.},
	title="Теория принятия решений Учеб. пособие",
	year = 2006,
	journal = "Изд-во МГТУ им. Н.Э. Баумана",
	pages = 54
}

@article{bib3,
	author = {Simon H.A.},
  	title = {New Science of Management Decision},
  	journal = {Harper},
  	year = 1960
}


@article{bib4,
    author = {Черноруцкий И. Г.},
	title="Методы оптимизации и принятия решений : учеб. пособие",
	journal = "Санкт-Петербург. гос. технический ун-т. - СПб.",
	year = 2001,
	pages = 381
}


@article{bib5,
    author = {Ларичев О. И.},
	title="Теория и методы принятия решений , а также Хроника событий в Волшебных странах : учебник для вузов",
	year = 2006,
	number = 390
}


@article{bib6,
    author = {Бродецкий Г. Л., Гусев Д. А., Мазунина О. А., Фель А. В.},
	title="Возможности метода последовательных уступок при выборе решения по многим критериям",
	journal = "Логистика и управление цепями поставок.",
	year = 2017
}

@article{bib7,
    author = {Рогозин Олег Викторович},
	title="Математические основы теории принятия решений",
	journal = "Школьные технологии.",
	year = 2012,
	number = 1
}
@article{bib8,
    author = {Лотов А.В., Поспелова И.И.},
	title="Многокритериальные задачи принятия решений: Учебное посо- бие. ",
	journal = "МАКС Пресс",
	year = 2008,
	pages = 197
}
@article{bib9,
    author = {Белопушкин Виктор Иванович, Почуева Юлия Сергеевна},
	title="Применение метода Парето для анализа надежности производственного оборудования ОАО «Пятигорсксельмаш",
	journal = "ГИАБ.",
	year = 2006,
	number = 9
}

@article{bib9,
    author = {Белопушкин Виктор Иванович, Почуева Юлия Сергеевна},
	title="Применение метода Парето для анализа надежности производственного оборудования ОАО «Пятигорсксельмаш",
	journal = "ГИАБ.",
	year = 2006,
	number = 9
}

@article{bib10,
    author = {Кобзев Р. А.},
	title="Многокритериальное оптимальное проектирование механизмов подъема с применением динамического программирования",
	journal = "Вестник СГТУ",
	year = 2014,
	number = 1
}

@article{bib11,
    author = {Шидловский Г.Л., Котов И.Ю., Вострых А.В.},
	title="РАЗРАБОТКА АЛГОРИТМА ДЛЯ РЕШЕНИЯ МНОГОКРИТЕРИАЛЬНЫХ ЗАДАЧ РАНЖИРОВАНИЯ ТРЕБОВАНИЙ ПОЖАРНОЙ БЕЗОПАСНОСТИ",
	journal = "Научно-аналитический журнал «Вестник Санкт-Петербургского университета Государственной противопожарной службы МЧС России»",
	year = 2020,
	number = 4
}
@article{bib12,
    author = {А.Н. Колосов},
	title="Колосов Проектирование дисконтных цен товаров на основе оптимизации по Парето",
	journal = "Нправление проектами и развитие производства.",
	year = 2013,
	number = 1
}

@article{bib13,
    author = {Алексеева Любовь Борисовна, Уваров Виктор Павлович},
	title="Определение радиуса ролика кулачкового механизма на основе решения минимаксной задачи",
	journal = "Известия вузов. Машиностроение.",
	year = 2012,
	number = 4
}

@article{bib14,
    author = {Жуковский А.Г., Золотых О.А., Дейнекин А.О.},
	title="Решение минимаксной задачи при поиске файлов в распределенной информационной среде",
	journal = "Символ науки.",
	year = 2019,
	number = 4
}

@article{bib15,
    author = {Нуркаева А.В.},
	title="Методы многокритериальной оптимизации транспортной задачи",
	journal = "ИВД.",
	year = 2018,
	number = 1
}

@article{bib16,
    author = {Меренков А.О., Медведева Е.В.},
	title="Технология выбора инструментов рекламы автомобильной компании",
	journal = "Менеджмент социальных и экономических систем.",
	year = 2018,
	number = 1
}

@article{bib17,
    author = {Балабанов Виктор Николаевич, Скобцов Юрий Александрович},
	title="Эволюционный алгоритм решения задачи рационального раскроя рулонного материала",
	journal = "Известия ЮФУ. Технические науки.",
	year = 2014,
	number = 1
}

@article{bib18,
    author = {Богданова Полина Александровна, Сахаров Дмитрий Михайлович, Васильева Татьяна Владимировна},
	title="ОБЗОР МЕТОДОВ МНОГОКРИТЕРИАЛЬНОЙ ОПТИМИЗАЦИИ В ЗАДАЧАХ ПРИНЯТИЯ РЕШЕНИЙ",
	journal = "Инновационные аспекты развития науки и техники.",
	year = 2021,
	number = 6
}

@article{bib19,
    author = {Пиявский С.А.},
	title="Как «Нумеризовать» понятие «Важнее»",
	journal = "Онтология проектирования.",
	year = 2016,
	number = 4
}
}